/home/vipul/latex/bib/report_ref.bib